@book{fagles,
  author        = {Aeschylus},
  title         = {The Oresteia},
  location      = {New York, U.S.A},
  publisher     = {Penguin Group},
  date          = {1990},
  translator    = {Robert Fagles},
  introduction  = {W.B. Stanford},
}

@book{fagles-homer,
  author        = {Homer},
  title         = {The Iliad},
  location      = {New York, U.S.A},
  publisher     = {Penguin Group},
  date          = {1990},
  translator    = {Robert Fagles},
  introduction  = {Bernard Knox},
}

@book{loeb,
  author        = {Aeschylus},
  title         = {Aeschylus II},
  subtitle      = {Agamemnon, Libation Bearers, Eumenides, Fragments},
  location      = {Cambridge, Massachusetts},
  publisher     = {Havard University Press},
  date          = {1999},
  origdate      = {1926},
  translator    = {Herbert Weir Smyth},
  volume        = {2},
  maintitle     = {Aeschylus},
  editor        = {G.P. Goold},
  series        = {The Loeb Classical Library},
  number        = {LCL 146},
  afterword     = {Hugh Lloyd-Jones},
}
